<record xmlns="http://www.openarchives.org/OAI/2.0/" xmlns:xsi="http://www.w3.org/2001/XMLSchema-instance"><header><identifier>oai:alma.34CSIC_INST:990012345290204201</identifier><datestamp>2020-02-06T08:41:03Z</datestamp><setSpec>manuscripta</setSpec></header><metadata><record xmlns="http://www.loc.gov/MARC21/slim" xmlns:xsi="http://www.w3.org/2001/XMLSchema-instance" xsi:schemaLocation="http://www.loc.gov/MARC21/slim http://www.loc.gov/standards/marcxml/schema/MARC21slim.xsd"><leader>04573ntm a2200601 i 4500</leader><controlfield tag="005">20181031100354.0</controlfield><controlfield tag="008">100527q1900    sp            000 0 per d</controlfield><controlfield tag="001">990012345290204201</controlfield><datafield tag="035" ind1=" " ind2=" "><subfield code="a">CSIC001234529</subfield></datafield><datafield tag="035" ind1=" " ind2=" "><subfield code="a">(ES-MaCSI)001234529MAD01-Aleph</subfield></datafield><datafield tag="035" ind1=" " ind2=" "><subfield code="a">(OCoLC)1124054551
</subfield></datafield><datafield tag="040" ind1=" " ind2=" "><subfield code="a">ES-MaCSI</subfield><subfield code="b">spa</subfield></datafield><datafield tag="080" ind1=" " ind2=" "><subfield code="a">091(=221.1)</subfield></datafield><datafield tag="080" ind1=" " ind2=" "><subfield code="a">091(=512.1)</subfield></datafield><datafield tag="245" ind1="1" ind2="0"><subfield code="a">Mechmua de papeles varios diplomáticos </subfield><subfield code="h">[Manuscrito]</subfield><subfield code="c">/ Anónimo.</subfield></datafield><datafield tag="260" ind1=" " ind2=" "><subfield code="a">Turquía,</subfield><subfield code="c">Siglo XIX ; algunos de los documentos datados en 1109/1697-98.</subfield></datafield><datafield tag="300" ind1=" " ind2=" "><subfield code="a">131ff. + 4 de guarda (Línea tirada, 12 líneas por página y 15 a partir del fol. 55) :</subfield><subfield code="b">Papel tratado ;</subfield><subfield code="c">22 x14, 8 cm. (caja: 15,5 x 8,8 cm.).</subfield></datafield><datafield tag="490" ind1="1" ind2=" "><subfield code="a">Manuscripta</subfield></datafield><datafield tag="500" ind1=" " ind2=" "><subfield code="a">Tintas negra y roja.</subfield></datafield><datafield tag="500" ind1=" " ind2=" "><subfield code="a">Incipit: [بسملة]</subfield></datafield><datafield tag="500" ind1=" " ind2=" "><subfield code="a">Copista: Un copista desconocido.</subfield></datafield><datafield tag="500" ind1=" " ind2=" "><subfield code="a">Características especiales: Marcas con tinta roja en algunos títulos; adornos ocasionales formando líneas curvas o en zigzag. Anotaciones marginales.</subfield></datafield><datafield tag="500" ind1=" " ind2=" "><subfield code="a">Tipo de cuaderno: de 4 y 6 bifolios.</subfield></datafield><datafield tag="500" ind1=" " ind2=" "><subfield code="a">Deterioros generales: Bien conservado</subfield></datafield><datafield tag="500" ind1=" " ind2=" "><subfield code="a">H. en blanco: No</subfield></datafield><datafield tag="500" ind1=" " ind2=" "><subfield code="a">H. dañadas, mutiladas, sueltas: Fol. 56 con dos cortes horizontales que no afectan al texto y que parece que pretendían eliminar anotación marginal.</subfield></datafield><datafield tag="500" ind1=" " ind2=" "><subfield code="a">H. faltan o añadidas: No</subfield></datafield><datafield tag="500" ind1=" " ind2=" "><subfield code="a">Foliación: Sin foliación original. Se ha foliado a lápiz en el margen superior izquierdo del recto.</subfield></datafield><datafield tag="500" ind1=" " ind2=" "><subfield code="a">Reclamos: En el verso de todos los folios.</subfield></datafield><datafield tag="500" ind1=" " ind2=" "><subfield code="a">Sign. cuad.: No.</subfield></datafield><datafield tag="500" ind1=" " ind2=" "><subfield code="a">Pautado: No se aprecia. Distancia interlineal: 0,8 o 0,6 cm.</subfield></datafield><datafield tag="500" ind1=" " ind2=" "><subfield code="a">Filigrana: No</subfield></datafield><datafield tag="500" ind1=" " ind2=" "><subfield code="a">Anotaciones: Fol. 1v: “Donativo del ministro Beigbeder, 2-3-1940”. Sello azul de la escuela de estudios árabes. Fol. 2v: Al autor de “Viaje al interior de Persia” [Adolfo Rivadeneyra, 1880]. Recuerdo de su amigo Miguel Morayta [firma con rúbrica] Octubre 1881.</subfield></datafield><datafield tag="500" ind1=" " ind2=" "><subfield code="a">Anotaciones: Fol. 3r: Mechmua de papeles varios diplomáticos y sello con la inscripción دراقو زاده قسطنطین بنده خدا Año. 1184(?) [1770-71]. Fol. 3v: sello con el nombre de Córdoba en árabe: قوردوبا (sic)</subfield></datafield><datafield tag="500" ind1=" " ind2=" "><subfield code="a">Título del primer capítulo: ذكر بواعث اتفاق نصارا (Razones para la alianza de los cristianos)</subfield></datafield><datafield tag="500" ind1=" " ind2=" "><subfield code="a">Signatura antigua: RESC/1020</subfield></datafield><datafield tag="510" ind1="4" ind2=" "><subfield code="a">Bibliografía: No</subfield></datafield><datafield tag="510" ind1="3" ind2=" "><subfield code="a">Descripción: No</subfield></datafield><datafield tag="520" ind1="2" ind2=" "><subfield code="a">Sentencias a la muerte del visir y primer ministro Kavir Baliza y otros. Comienza con la descripción de hechos históricos ocurridos tras la conquista de Iraklion por los otomanos en 1669. La segunda parte del texto correspondencia con el embajador de Inglaterra y de los Países Bajos. El texto cita a los visires otomanos Fazil Ahmed Pasha Köprülü (1635–1676), Kara Mustafa Pasha (1634/1635–1683), Çorlulu Damat Ali Pasha (1670–1711) y fue compilado durante el reinado del sultán Mustafa II (1695-1703). El texto termina abruptamente, posiblemente debido a haber sido copiado de otro manuscrito incompleto.</subfield></datafield><datafield tag="530" ind1=" " ind2=" "><subfield code="a">Digitalización.</subfield></datafield><datafield tag="541" ind1=" " ind2=" "><subfield code="a">Procedencia: Escuela de Estudios Árabes. Donativo del ministro Beigbeder</subfield><subfield code="d">Ingreso: 2 de marzo de 1940</subfield></datafield><datafield tag="546" ind1=" " ind2=" "><subfield code="a">Persa y turco</subfield></datafield><datafield tag="563" ind1=" " ind2=" "><subfield code="a">Encuadernado en cartera de piel marrón sobre cartón con medallón central grabado y recuadro en dorado.</subfield></datafield><datafield tag="595" ind1=" " ind2=" "><subfield code="a">Edición: No.</subfield></datafield><datafield tag="650" ind1=" " ind2="7"><subfield code="a">Manuscritos persas.</subfield><subfield code="2">CSICAU</subfield></datafield><datafield tag="650" ind1=" " ind2="7"><subfield code="a">Manuscritos turcos</subfield><subfield code="2">CSICAU</subfield></datafield><datafield tag="650" ind1=" " ind2="7"><subfield code="a">Lenguas turcas.</subfield><subfield code="2">CSICAU</subfield></datafield><datafield tag="650" ind1=" " ind2="7"><subfield code="a">Sentencias morales.</subfield><subfield code="2">CSICAU</subfield></datafield><datafield tag="740" ind1="0" ind2=" "><subfield code="a">ذكر بواعث اتفاق نصارا</subfield></datafield><datafield tag="740" ind1="0" ind2=" "><subfield code="a">Razones para la alianza de los cristianos</subfield></datafield><datafield tag="830" ind1=" " ind2="0"><subfield code="a">Manuscripta</subfield></datafield><datafield tag="856" ind1="4" ind2="1"><subfield code="u">http://aleph.csic.es/imagenes/mad01/0006_PMSC/P_001234529_663854_V00.pdf</subfield><subfield code="z">Descargar Pdf completo (45M)</subfield><subfield code="m">CSIC</subfield></datafield><datafield tag="856" ind1="4" ind2="1"><subfield code="u">http://simurg.bibliotecas.csic.es/viewer/image/CSIC001234529/1/</subfield><subfield code="z">Ver texto completo en SIMURG, el portal de fondos digitalizados del CSIC</subfield><subfield code="m">CSIC</subfield></datafield><datafield tag="856" ind1="4" ind2="1"><subfield code="u">http://aleph.csic.es/imagenes/mad01/0006_PMSC/html/001234529.html</subfield><subfield code="z">Ver texto completo en Bookreader</subfield></datafield></record></metadata></record>